@INPROCEEDINGS{_1_,
  author={Dalal, N. and Triggs, B.},
  booktitle={2005 IEEE Computer Society Conference on Computer Vision and Pattern Recognition (CVPR'05)}, 
  title={Histograms of oriented gradients for human detection}, 
  year={2005},
  volume={1},
  number={},
  pages={886-893 vol. 1},
  doi={10.1109/CVPR.2005.177}}

  @ARTICLE{_2_,
  author={Felzenszwalb, Pedro F. and Girshick, Ross B. and McAllester, David and Ramanan, Deva},
  journal={IEEE Transactions on Pattern Analysis and Machine Intelligence}, 
  title={Object Detection with Discriminatively Trained Part-Based Models}, 
  year={2010},
  volume={32},
  number={9},
  pages={1627-1645},
  doi={10.1109/TPAMI.2009.167}}

  @ARTICLE{_8_,
  author={Wolff, L.B.},
  journal={IEEE Transactions on Pattern Analysis and Machine Intelligence}, 
  title={Polarization-based material classification from specular reflection}, 
  year={1990},
  volume={12},
  number={11},
  pages={1059-1071},
  doi={10.1109/34.61705}}